@article{Cabib2016,
  doi = {10.1111/nyas.13135},
  url = {https://doi.org/10.1111/nyas.13135},
  year  = {2016},
  month = {jul},
  publisher = {Wiley},
  volume = {1380},
  number = {1},
  pages = {121--138},
  author = {Christopher Cabib and Omar Ortega and Hatice Kumru and Ernest Palomeras and Natalia Vilardell and Daniel Alvarez-Berdugo and Desir{\'{e}}e Muriana and Laia Rofes and Rosa Terr{\'{e}} and Ferm{\'{\i}}n Mearin and Pere Clav{\'{e}}},
  title = {Neurorehabilitation strategies for poststroke oropharyngeal dysphagia: from compensation to the recovery of swallowing function},
  journal = {Annals of the New York Academy of Sciences}
}

@incollection{Yang2016,
  doi = {10.1016/bs.pbr.2016.03.014},
  url = {https://doi.org/10.1016/bs.pbr.2016.03.014},
  year  = {2016},
  publisher = {Elsevier},
  pages = {185--219},
  author = {H. Yang and K.K. Ang and C. Wang and K.S. Phua and C. Guan},
  title = {Neural and cortical analysis of swallowing and detection of motor imagery of swallow for dysphagia rehabilitation{\textemdash}A review},
  booktitle = {Progress in Brain Research}
}

@article{Wirth2016,
  doi = {10.2147/cia.s97481},
  url = {https://doi.org/10.2147/cia.s97481},
  year  = {2016},
  month = {feb},
  publisher = {Dove Medical Press Ltd.},
  pages = {189},
  author = {Rainer Wirth and Rainer Dziewas and Anne Marie Beck and Pere Clave and Hans Juergen Heppner and Susan Langmore and Andreas Leischker and Rosemary Martino and Petra Pluschinski and Alexander R\"{o}sler and Rheza Shaker and Tobias Warnecke and Cornel Christian Sieber and Dorothee Volkert and Shaheen Hamdy},
  title = {Oropharyngeal dysphagia in older persons from pathophysiology to adequate intervention: a review and summary of an international expert meeting},
  journal = {Clinical Interventions in Aging}
}

@article{DiPede2015,
  doi = {10.1007/s40520-015-0481-6},
  url = {https://doi.org/10.1007/s40520-015-0481-6},
  year  = {2015},
  month = {nov},
  publisher = {Springer Nature},
  volume = {28},
  number = {4},
  pages = {607--617},
  author = {C. Di Pede and M. E. Mantovani and A. Del Felice and S. Masiero},
  title = {Dysphagia in the elderly: focus on rehabilitation strategies},
  journal = {Aging Clinical and Experimental Research}
}

@article{GonzlezFernndez2015,
  doi = {10.1016/j.pmr.2015.06.005},
  url = {https://doi.org/10.1016/j.pmr.2015.06.005},
  year  = {2015},
  month = {nov},
  publisher = {Elsevier {BV}},
  volume = {26},
  number = {4},
  pages = {657--670},
  author = {Marl{\'{\i}}s Gonz{\'{a}}lez-Fern{\'{a}}ndez and Martin B. Brodsky and Jeffrey B. Palmer},
  title = {Poststroke Communication Disorders and Dysphagia},
  journal = {Physical Medicine and Rehabilitation Clinics of North America}
}

@article{Langmore2015,
  doi = {10.3109/17549507.2015.1024171},
  url = {https://doi.org/10.3109/17549507.2015.1024171},
  year  = {2015},
  month = {mar},
  publisher = {Informa {UK} Limited},
  volume = {17},
  number = {3},
  pages = {222--229},
  author = {Susan E. Langmore and Jessica M. Pisegna},
  title = {Efficacy of exercises to rehabilitate dysphagia: A critique of the literature},
  journal = {International Journal of Speech-Language Pathology}
}

@article{Doeltgen2015,
  doi = {10.1016/j.physbeh.2015.02.025},
  url = {https://doi.org/10.1016/j.physbeh.2015.02.025},
  year  = {2015},
  month = {may},
  publisher = {Elsevier {BV}},
  volume = {143},
  pages = {1--9},
  author = {Sebastian H. Doeltgen and Lynley V. Bradnam and Jessica A. Young and Eric Fong},
  title = {Transcranial non-invasive brain stimulation in swallowing rehabilitation following stroke {\textemdash} A review of the literature},
  journal = {Physiology {\&} Behavior}
}

@article{Chen2015,
  doi = {10.1177/0269215515571681},
  url = {https://doi.org/10.1177/0269215515571681},
  year  = {2015},
  month = {feb},
  publisher = {{SAGE} Publications},
  volume = {30},
  number = {1},
  pages = {24--35},
  author = {Yi-Wen Chen and Kwang-Hwa Chang and Hung-Chou Chen and Wen-Miin Liang and Ya-Hui Wang and Yen-Nung Lin},
  title = {The effects of surface neuromuscular electrical stimulation on post-stroke dysphagia: a systemic review and meta-analysis},
  journal = {Clinical Rehabilitation}
}

@article{Crary2014,
  doi = {10.1097/moo.0000000000000055},
  url = {https://doi.org/10.1097/moo.0000000000000055},
  year  = {2014},
  month = {jun},
  publisher = {Ovid Technologies (Wolters Kluwer Health)},
  volume = {22},
  number = {3},
  pages = {172--180},
  author = {Michael A. Crary and Giselle D. Carnaby},
  title = {Adoption into clinical practice of two therapies to manage swallowing disorders},
  journal = {Current Opinion in Otolaryngology {\&} Head and Neck Surgery}
}

@article{Robbins2013,
  doi = {10.1055/s-0033-1358368},
  url = {https://doi.org/10.1055/s-0033-1358368},
  year  = {2013},
  month = {oct},
  publisher = {Georg Thieme Verlag {KG}},
  volume = {34},
  number = {03},
  pages = {154--169},
  author = {JoAnne Robbins and Nicole Rogus-Pulia},
  title = {Approaches to the Rehabilitation of Dysphagia in Acute Poststroke Patients},
  journal = {Seminars in Speech and Language}
}

@article{Tan2013,
  doi = {10.1111/joor.12057},
  url = {https://doi.org/10.1111/joor.12057},
  year  = {2013},
  month = {apr},
  publisher = {Wiley},
  volume = {40},
  number = {6},
  pages = {472--480},
  author = {C. Tan and Y. Liu and W. Li and J. Liu and L. Chen},
  title = {Transcutaneous neuromuscular electrical stimulation can improve swallowing function in patients with dysphagia caused by non-stroke diseases: a meta-analysis},
  journal = {Journal of Oral Rehabilitation}
}

@article{Geeganage2012,
  doi = {10.1002/14651858.cd000323.pub2},
  url = {https://doi.org/10.1002/14651858.cd000323.pub2},
  year  = {2012},
  month = {oct},
  publisher = {Wiley},
  author = {Chamila Geeganage and Jessica Beavan and Sharon Ellender and Philip MW Bath},
  title = {Interventions for dysphagia and nutritional support in acute and subacute stroke},
  journal = {Cochrane Database of Systematic Reviews}
}

@article{Smith2012,
  doi = {10.1111/j.1460-6984.2011.00093.x},
  url = {https://doi.org/10.1111/j.1460-6984.2011.00093.x},
  year  = {2012},
  month = {apr},
  publisher = {Wiley},
  volume = {47},
  number = {4},
  pages = {351--364},
  author = {Sarah K. Smith and Hazel Roddam and Heulwen Sheldrick},
  title = {Rehabilitation or compensation: time for a fresh perspective on speech and language therapy for dysphagia and Parkinson's disease?},
  journal = {International Journal of Language {\&} Communication Disorders}
}

@article{Antunes2012,
  doi = {10.1111/j.1741-2358.2012.00638.x},
  url = {https://doi.org/10.1111/j.1741-2358.2012.00638.x},
  year  = {2012},
  month = {may},
  publisher = {Wiley},
  volume = {29},
  number = {4},
  pages = {247--257},
  author = {Eva Bolle Antunes and Nuno Lunet},
  title = {Effects of the head lift exercise on the swallow function: a systematic review},
  journal = {Gerodontology}
}

@article{Giammarino2012,
  doi = {10.1016/j.pmr.2012.02.008},
  url = {https://doi.org/10.1016/j.pmr.2012.02.008},
  year  = {2012},
  month = {may},
  publisher = {Elsevier {BV}},
  volume = {23},
  number = {2},
  pages = {335--342},
  author = {Claudia Giammarino and Elizabeth Adams and Christina Moriarty and Adrian Cristian},
  title = {Safety Concerns and Multidisciplinary Management of the Dysphagic Patient},
  journal = {Physical Medicine and Rehabilitation Clinics of North America}
}

@article{Martin2009,
  doi = {10.1007/s00455-008-9193-9},
  url = {https://doi.org/10.1007/s00455-008-9193-9},
  year  = {2009},
  month = {jan},
  publisher = {Springer Nature},
  volume = {24},
  number = {2},
  pages = {218--229},
  author = {Ruth E. Martin},
  title = {Neuroplasticity and Swallowing},
  journal = {Dysphagia}
}

@article{Robbins2008,
  doi = {10.1044/1092-4388(2008/021)},
  url = {https://doi.org/10.1044/1092-4388(2008/021)},
  year  = {2008},
  month = {feb},
  publisher = {American Speech Language Hearing Association},
  volume = {51},
  number = {1},
  pages = {S276},
  author = {JoAnne Robbins and Susan G. Butler and Stephanie K. Daniels and Roxann Diez Gross and Susan Langmore and Cathy L. Lazarus and Bonnie Martin-Harris and Daniel McCabe and Nan Musson and John Rosenbek},
  title = {Swallowing and Dysphagia Rehabilitation: Translating Principles of Neural Plasticity Into Clinically Oriented Evidence},
  journal = {Journal of Speech Language and Hearing Research}
}

@article{GonzalezRothi2008,
  doi = {10.1044/1092-4388(2008/017)},
  url = {https://doi.org/10.1044/1092-4388(2008/017)},
  year  = {2008},
  month = {feb},
  publisher = {American Speech Language Hearing Association},
  volume = {51},
  number = {1},
  pages = {S222},
  author = {Leslie J. Gonzalez Rothi and Nan Musson and John C. Rosenbek and Christine M. Sapienza},
  title = {Neuroplasticity and Rehabilitation Research for Speech,  Language,  and Swallowing Disorders},
  journal = {Journal of Speech Language and Hearing Research}
}

@article{Burkhead2007,
  doi = {10.1007/s00455-006-9074-z},
  url = {https://doi.org/10.1007/s00455-006-9074-z},
  year  = {2007},
  month = {apr},
  publisher = {Springer Nature},
  volume = {22},
  number = {3},
  pages = {251--265},
  author = {Lori M. Burkhead and Christine M. Sapienza and John C. Rosenbek},
  title = {Strength-Training Exercise in Dysphagia Rehabilitation: Principles,  Procedures,  and Directions for Future Research},
  journal = {Dysphagia}
}

@article{Steele2007,
  doi = {10.1179/016164107x171555},
  url = {https://doi.org/10.1179/016164107x171555},
  year  = {2007},
  month = {jan},
  publisher = {Informa {UK} Limited},
  volume = {29},
  number = {1},
  pages = {9--15},
  author = {Catriona M. Steele and Adam T. Thrasher and Milos R. Popovic},
  title = {Electric stimulation approaches to the restoration and rehabilitation of swallowing: a review},
  journal = {Neurological Research}
}

@article{Kays2006,
  doi = {10.1055/s-2006-955115},
  url = {https://doi.org/10.1055/s-2006-955115},
  year  = {2006},
  month = {nov},
  publisher = {Georg Thieme Verlag {KG}},
  volume = {27},
  number = {4},
  pages = {245--259},
  author = {Stephanie Kays and JoAnne Robbins},
  title = {Effects of Sensorimotor Exercise on Swallowing Outcomes Relative to Age and Age-Related Disease},
  journal = {Seminars in Speech and Language}
}

@article{Edmiaston2009,
  doi = {10.4037/ajcc2009961},
  url = {https://doi.org/10.4037/ajcc2009961},
  year  = {2009},
  month = {oct},
  publisher = {{AACN} Publishing},
  volume = {19},
  number = {4},
  pages = {357--364},
  author = {J. Edmiaston and L. T. Connor and L. Loehr and A. Nassief},
  title = {Validation of a Dysphagia Screening Tool in Acute Stroke Patients},
  journal = {American Journal of Critical Care}
}

@article{McKenna2017,
  doi = {10.1044/2016_ajslp-15-0051},
  url = {https://doi.org/10.1044/2016_ajslp-15-0051},
  year  = {2017},
  month = {may},
  publisher = {American Speech Language Hearing Association},
  volume = {26},
  number = {2},
  pages = {524},
  author = {Victoria S. McKenna and Bin Zhang and Morgan B. Haines and Lisa N. Kelchner},
  title = {A Systematic Review of Isometric Lingual Strength-Training Programs in Adults With and Without Dysphagia},
  journal = {American Journal of Speech-Language Pathology}
}

@article{Hines2011,
  doi = {10.1111/j.1744-1609.2011.00211.x},
  url = {https://doi.org/10.1111/j.1744-1609.2011.00211.x},
  year  = {2011},
  month = {jun},
  publisher = {Ovid Technologies (Wolters Kluwer Health)},
  volume = {9},
  number = {2},
  pages = {148--150},
  author = {Sonia Hines and Karen Wallace and Linda Crowe and Kathleen Finlayson and Anne Chang and Moya Pattie},
  title = {Identification and nursing management of dysphagia in individuals with acute neurological impairment (update)},
  journal = {International Journal of Evidence-Based Healthcare}
}

@article{Liao2016,
  doi = {10.1177/0269215516644771},
  url = {https://doi.org/10.1177/0269215516644771},
  year  = {2016},
  month = {jul},
  publisher = {{SAGE} Publications},
  volume = {31},
  number = {3},
  pages = {289--298},
  author = {Xiang Liao and Guoqiang Xing and Zhiwei Guo and Yu Jin and Qing Tang and Bin He and Morgan A McClure and Hua Liu and Huaping Chen and Qiwen Mu},
  title = {Repetitive transcranial magnetic stimulation as an alternative therapy for dysphagia after stroke: a systematic review and meta-analysis},
  journal = {Clinical Rehabilitation}
}

@article{Troche2017,
  doi = {10.1044/persp2.sig13.13},
  url = {https://doi.org/10.1044/persp2.sig13.13},
  year  = {2017},
  month = {mar},
  publisher = {American Speech Language Hearing Association},
  volume = {2},
  number = {13},
  pages = {13},
  author = {Michelle S. Troche and Avinash Mishra},
  title = {Swallowing Exercises in Patients With Neurodegenerative Disease: What Is the Current Evidence?},
  journal = {Perspectives of the {ASHA} Special Interest Groups}
}

@article{Hines2010,
  doi = {10.1111/j.1744-1609.2010.00188.x},
  url = {https://doi.org/10.1111/j.1744-1609.2010.00188.x},
  year  = {2010},
  month = {dec},
  publisher = {Ovid Technologies (Wolters Kluwer Health)},
  volume = {8},
  number = {4},
  pages = {252--255},
  author = {Sonia Hines and Judy McCrow and Jenny Abbey and Sue Gledhill},
  title = {Thickened fluids for people with dementia in residential aged care facilities},
  journal = {International Journal of Evidence-Based Healthcare}
}

@article{Jones2016,
  doi = {10.1002/14651858.cd004303.pub4},
  url = {https://doi.org/10.1002/14651858.cd004303.pub4},
  year  = {2016},
  month = {feb},
  publisher = {Wiley},
  author = {Katherine Jones and Robert DS Pitceathly and Michael R Rose and Susan McGowan and Marguerite Hill and Umesh A Badrising and Tom Hughes},
  title = {Interventions for dysphagia in long-term,  progressive muscle disease},
  journal = {Cochrane Database of Systematic Reviews}
}

@article{Regan2014,
  doi = {10.1002/14651858.cd009968.pub2},
  url = {https://doi.org/10.1002/14651858.cd009968.pub2},
  year  = {2014},
  month = {may},
  publisher = {Wiley},
  author = {Julie Regan and Anne Murphy and Mindy Chiang and Barry P McMahon and Tara Coughlan and Margaret Walshe},
  title = {Botulinum toxin for upper oesophageal sphincter dysfunction in neurological swallowing disorders},
  journal = {Cochrane Database of Systematic Reviews}
}

@article{Deane2001,
  doi = {10.1002/14651858.cd002816},
  url = {https://doi.org/10.1002/14651858.cd002816},
  year  = {2001},
  month = {jan},
  publisher = {Wiley},
  author = {Katherine Deane and Renata Whurr and Carl E Clarke and E Diane Playford and Yoav Ben-Shlomo},
  title = {Non-pharmacological therapies for dysphagia in Parkinson's disease},
  journal = {Cochrane Database of Systematic Reviews}
}

@article{Vogel2015,
  doi = {10.1002/14651858.cd010169.pub2},
  url = {https://doi.org/10.1002/14651858.cd010169.pub2},
  year  = {2015},
  month = {nov},
  publisher = {Wiley},
  author = {Adam P Vogel and Megan J Keage and Kerstin Johansson and Ellika Schalling},
  title = {Treatment for dysphagia (swallowing difficulties) in hereditary ataxia},
  journal = {Cochrane Database of Systematic Reviews}
}

@article{Simons2017,
  doi = {10.1007/s00455-017-9789-z},
  url = {https://doi.org/10.1007/s00455-017-9789-z},
  year  = {2017},
  month = {mar},
  publisher = {Springer Nature},
  volume = {32},
  number = {2},
  pages = {209--215},
  author = {Andre Simons and Shaheen Hamdy},
  title = {The Use of Brain Stimulation in Dysphagia Management},
  journal = {Dysphagia}
}

@article{Macrae2014,
  doi = {10.1016/j.jneumeth.2014.06.010},
  url = {https://doi.org/10.1016/j.jneumeth.2014.06.010},
  year  = {2014},
  month = {aug},
  publisher = {Elsevier {BV}},
  volume = {233},
  pages = {89--98},
  author = {Phoebe R. Macrae and Richard D. Jones and Maggie-Lee Huckabee},
  title = {The effect of swallowing treatments on corticobulbar excitability: A review of transcranial magnetic stimulation induced motor evoked potentials},
  journal = {Journal of Neuroscience Methods}
}
